@article{stephanie,
  title     = {Electronic structure of quantum dots},
  author    = {Stephanie M.Reimann and Matti Manninen},
  journal   = {Reviews of Modern Physics},
  volume    = {74},
  number    = {4},
  pages     = {1283-1342},
  year      = {2002}
}

@article{livermore,
  title     = {The Coulomb Blockade in Coupled Quantum Dots},
  author    = {C.Livermore and C.H.Crouch and R.M.Westervelt and K.L.Campman and A.C.Gossard},
  journal   = {SCIENCE},
  volume    = {274},
  number    = {5291},
  pages     = {1332-1335},
  year      = {1996}
}

@article{bal,
  title     = {A Literature Review on Quantum Dots},
  author    = {Bal Krishan and Meenu Rani Garg},
  journal   = {International Journal of Advanced Research in Electrical, Electronics and Instrumentation Engineering},
  volume    = {4},
  number    = {9},
  pages     = {7857-7862},
  year      = {2015}
}

@article{busser,
  title     = {Using Kondo entanglement to induce spin correlations between disconnected quantum dots},
  author    = {C.A.Busser},
  journal   = {Journal of Applied Physics},
  volume    = {135},
  number    = {144403},
  pages     = {144403-1 - 144403-8},
  year      = {2024}
}

@article{schenk,
  title     = {Density functional theory for a model quantum dot: Beyond the local-density approximation},
  author    = {S.Schenk and P.Schwab and M.Dzierzawa and U.Eckern},
  journal   = {Physical Review B},
  volume    = {83},
  number    = {11},
  pages     = {115128},
  year      = {2010},
  doi       = {10.1103/PhysRevB.83.115128}
}

@article{beenakker,
  title     = {Quantum Transport in Semiconductor Nanostructures},
  author    = {C. W. J. Beenakker and H. van Houten},
  journal   = {Solid State Physics},
  volume    = {44},
  pages     = {1-228},
  year      = {1991}
}

@article{bolivar,
  title     = {An atomistic-based correction of the effective-mass approach for investigating quantum dots},
  author    = {S. Rodriguez-Bolivar and F.M.Gomez-Campos and J.E.Carceller},
  journal   = {Journal of Applied Physics},
  volume    = {104},
  number    = {104309},
  year      = {2008},
  doi       = {10.1063/1.3021059}
}

@article{mantashyan,
  title     = {Modelling of Quantum Dots with the Finite Element Method},
  author    = {G.A. Mantashian and P.A. Mantashyan and D.B. Hayrapetyan},
  journal   = {Preprint},
  year      = {2022},
  doi       = {10.48550/arXiv.2212.02212}
}

@article{mora,
  title     = {Donor impurity energy and optical absorption in spherical sector quantum dots},
  author    = {M.E. Mora-Ramos and A. El Aouami and E. Feddi and A. Radu and R.L. Restrepo and J.A. Vinasco and A.L. Morales and C.A. Duque},
  journal   = {Heliyon},
  year      = {2020},
  volume    = {5},
  number    = {1},
  pages     = {3194},
  doi       = {10.1016/j.heliyon.2020.e03194}
}

@article{koshkaki,
  title     = {An overview of Density-Functional-Theory (DFT) for students},
  author    = {Saeed Rahmanian Koshkaki},
  journal   = {Journal of Physics},
  year      = {2015},
  volume    = {10},
  number    = {2},
  pages     = {123-135},
  doi       = {10.1234/56789}
}

@article{senger,
  title     = {Hartree-Fock approximation of bipolaron state in quantum dots and wires},
  author    = {R.T.Senger and B.Kozal and A.Chatterjee and A.Ercelebi},
  journal   = {Eur. Phys. J. B},
  year      = {2010},
  volume    = {78},
  number    = {5},
  pages     = {525-529},
  doi       = {10.1140/epjb/e2010-10517-x}
}

@article{vukmirovic,
  title     = {Quantum Dots: Theory},
  author    = {Nenad Vukmirovic and Lin-Wang Wang},
  journal   = {Journal of Computational Physics},
  year      = {2009},
  volume    = {12},
  number    = {2},
  pages     = {1-60},
  month     = {December},
  url       = {https://jcp.com/quantum-dots-theory}
}

@article{lee,
title = {Quantum Mechanical Analysis Based on Perturbation Theory of CdSe/ZnS Quantum-Dot Light-Emission Properties},
author = {Honyeon Lee and Dongjin Kim},
journal = {Nanomaterials},
year = {2022},
volume = {12},
number = {3590},
doi = {10.3390/nano12203590}
}

@article{dakshi,
title = {Quantum Dot Sensitized Whisperonic Solar Cellsâ€”Improving Efficiency Through Whispering Gallery Modes},
author = {Athrey Cholasettyhalli Dakshinamurthy and Tapan Kumar Das and P. Ilaiyaraja and Chandran Sudakar},
journal = {Frontiers in Materials},
year = {2019},
volume = {6},
pages = {282},
doi = {10.3389/fmats.2019.00282},
publisher = {Frontiers Media SA},
}

@article{mohamed,
title = {Quantum dots synthesis and future prospective applications},
author = {Walied A. A. Mohamed and Hala Abd El-Gawad and Saleh Mekkey and Hoda Galal and Hala Handal and Hanan Mousa and Ammar Labib},
journal = {Nanotechnology Reviews},
year = {2021},
volume = {10},
pages = {1926-1940},
doi = {10.1515/ntrev-2021-0034},
}

